<record><leader>00000cas a2200000 a 4500</leader><controlfield tag="001">29209347</controlfield><controlfield tag="008">931028d19041906iluwr ne      0   a0eng c</controlfield><datafield ind1=" " ind2=" " tag="010"><subfield code="a">sn 93055833 </subfield></datafield><datafield ind1=" " ind2=" " tag="040"><subfield code="a">NVF</subfield><subfield code="b">eng</subfield><subfield code="c">NVF</subfield><subfield code="d">CVF</subfield><subfield code="d">NVF</subfield><subfield code="d">OCLCQ</subfield><subfield code="d">OCLCF</subfield><subfield code="d">OCLCO</subfield><subfield code="d">NVF</subfield></datafield><datafield ind1=" " ind2=" " tag="042"><subfield code="a">pcc</subfield></datafield><datafield ind1=" " ind2=" " tag="043"><subfield code="a">n-us-il</subfield></datafield><datafield ind1="0" ind2="4" tag="245"><subfield code="a">The Oak Park reporter-Argus.</subfield></datafield><datafield ind1="1" ind2="3" tag="246"><subfield code="a">Reporter-Argus</subfield></datafield><datafield ind1="3" ind2=" " tag="246"><subfield code="a">Oak Park reporter Argus</subfield></datafield><datafield ind1="3" ind2=" " tag="246"><subfield code="a">Reporter Argus</subfield></datafield><datafield ind1=" " ind2=" " tag="260"><subfield code="a">Oak Park, Ill. :</subfield><subfield code="b">C.W. Ainsworth and Geo. M. Ambrose,</subfield><subfield code="c">1904-1906.</subfield></datafield><datafield ind1=" " ind2=" " tag="300"><subfield code="a">v.</subfield></datafield><datafield ind1=" " ind2=" " tag="310"><subfield code="a">Weekly</subfield></datafield><datafield ind1="0" ind2=" " tag="362"><subfield code="a">Vol. 18, no. 17 (May 7, 1904)-v. 20, no. 25 (June 23, 1906).</subfield></datafield><datafield ind1=" " ind2=" " tag="580"><subfield code="a">Daily ed.: Oak Park daily Argus, 1904-&lt;&gt;</subfield></datafield><datafield ind1=" " ind2="0" tag="651"><subfield code="a">Oak Park (Ill.)</subfield><subfield code="v">Newspapers.</subfield></datafield><datafield ind1=" " ind2="7" tag="651"><subfield code="a">Illinois</subfield><subfield code="z">Oak Park.</subfield><subfield code="2">fast</subfield><subfield code="0">(OCoLC)fst01205178</subfield></datafield><datafield ind1=" " ind2="7" tag="655"><subfield code="a">Newspapers.</subfield><subfield code="2">fast</subfield><subfield code="0">(OCoLC)fst01423814</subfield></datafield><datafield ind1=" " ind2=" " tag="752"><subfield code="a">United States</subfield><subfield code="b">Illinois</subfield><subfield code="c">Cook</subfield><subfield code="d">Oak Park.</subfield></datafield><datafield ind1="1" ind2=" " tag="775"><subfield code="t">Oak Park daily Argus</subfield><subfield code="w">(DLC)sn 93055834</subfield><subfield code="w">(OCoLC)29209467</subfield></datafield><datafield ind1="0" ind2="0" tag="780"><subfield code="t">Reporter-Argus (Oak Park, Ill.)</subfield><subfield code="w">(DLC)sn 93055832</subfield><subfield code="w">(OCoLC)29206648</subfield></datafield><datafield ind1="0" ind2="0" tag="785"><subfield code="t">Daily reporter-Argus</subfield><subfield code="w">(DLC)sn 93055835</subfield><subfield code="w">(OCoLC)29209577</subfield></datafield><datafield ind1="0" ind2="1" tag="785"><subfield code="t">Oak Park events</subfield><subfield code="w">(DLC)sn 00062075</subfield><subfield code="w">(OCoLC)45664198</subfield></datafield><datafield ind1="1" ind2=" " tag="029"><subfield code="a">AU@</subfield><subfield code="b">000022255671</subfield></datafield></record>